@ONLINE {REST-wiki,
    title = "Representational state transfer",
    month = "dec",
    year  = "2015",
    url   = "https://en.wikipedia.org/wiki/Representational_state_transfer"
}

@ONLINE {WebSockets-wiki,
    title = "WebSocket",
    month = "dec",
    year  = "2015",
    url   = "https://en.wikipedia.org/wiki/WebSocket"
}

@ONLINE {restful-web-services,
    title = "RESTful Web Services",
    month = "dec",
    year  = "2015",
    url   = "https://baranipek.files.wordpress.com/2011/09/swe577-finalproject-2011summer-iefbfbdefbfbdpekbaran1.pdf"
}

@ONLINE {URI-wiki,
    title = "Uniform Resource Identifier",
    month = "dec",
    year  = "2015",
    url   = "https://en.wikipedia.org/wiki/Uniform_Resource_Identifier"
}

@ONLINE {Go-wiki,
    title = "Go (programming language)",
    month = "dec",
    year  = "2015",
    url   = "https://en.wikipedia.org/wiki/Go_(programming_language)"
}

@ONLINE {JWT-rfc,
    title = "JSON Web Token (JWT)",
    month = "dec",
    year  = "2015",
    url   = "https://tools.ietf.org/html/rfc7519"
}

@ONLINE {Packages-go,
    title = "How to Write Go Code",
    month = "dec",
    year  = "2015",
    url   = "https://golang.org/doc/code.html"
}

@ONLINE {Goroutines-go,
    title = "Go by Example: Goroutines",
    month = "dec",
    year  = "2015",
    url   = "https://golang.org/doc/code.html"
}

@ONLINE {HTTP-go,
    title = "Package http",
    month = "dec",
    year  = "2015",
    url   = "https://golang.org/pkg/net/http"
}

@ONLINE {JWT-introduction,
    title = "Introduction to JSON Web Tokens",
    month = "dec",
    year  = "2015",
    url   = "https://jwt.io/introduction"
}

@ONLINE {Testing-go,
    title = "Package testing",
    month = "dec",
    year  = "2015",
    url   = "https://golang.org/pkg/testing"
}

@ONLINE {httptest-go,
    title = "Package httptest",
    month = "dec",
    year  = "2015",
    url   = "https://golang.org/pkg/net/http/httptest"
}
